@inproceedings{conquest-conext19,
author = {Chen, Xiaoqi and Feibish, Shir Landau and Koral, Yaron and Rexford, Jennifer and Rottenstreich, Ori and Monetti, Steven A and Wang, Tzuu-Yi},
title = {Fine-Grained Queue Measurement in the Data Plane},
year = {2019},
isbn = {9781450369985},
publisher = {Association for Computing Machinery},
booktitle = {Proceedings of the 15th International Conference on Emerging Networking Experiments And Technologies},
}

@inproceedings{tcprtt-imc03,
author = {Aikat, Jay and Kaur, Jasleen and Smith, F. Donelson and Jeffay, Kevin},
title = {Variability in TCP Round-Trip Times},
year = {2003},
booktitle = {Proceedings of the 3rd ACM SIGCOMM Conference on Internet Measurement},
}

@inproceedings{revisittcp-imc21,
author = {Philip, Adithya A. and Ware, Ranysha and Athapathu, Rukshani and Sherry, Justine and Sekar, Vyas},
title = {Revisiting TCP congestion control throughput models & fairness properties at scale},
year = {2021},
booktitle = {Proceedings of the 21st ACM Internet Measurement Conference},
}

@inproceedings{osfingerprint-netsoft22,
author = {Bai, Sherry and Kim, Hyojoon and Rexford, Jennifer},
title = {Passive OS Fingerprinting on Commodity Switches},
year = {2022},
booktitle = {2022 IEEE 8th International Conference on Network Softwarization (NetSoft)},
}

@report{gipr-sandvine22,
title = {The Global Internet Phenomena Report},
author = {Sandvine Inc.},
year = {2022}
}

@techreport{2004-shakkottai-t20,
  author = {Shakkottai, S and Brownlee, N and Broido, A and claffy, k},
  title = {{The RTT distribution of TCP flows on the Internet and its impact on TCP based flow control}},
  institution = {Cooperative Association for Internet Data Analysis (CAIDA)},
  year = {2004},
  month = {Mar},
  doi = {https://catalog.caida.org/paper/2004_tr_2004_02},
  keywords = {measurement methodology}
}

@article{tcpcwnd-sigcomm10,
title	= {An Argument for Increasing TCP's Initial Congestion Window},
author	= {Nandita Dukkipati and Tiziana Refice and Yuchung Cheng and Jerry Chu and Tom Herbert and Amit Agarwal and Arvind Jain and Natalia Sutin},
year	= {2010},
journal	= {ACM SIGCOMM Computer Communications Review},
}

@inproceedings{netflixworkload-iiswc16,
title={Characterizing the workload of a Netflix streaming video server},
author={Summers, Jim and Brecht, Tim and Eager, Derek and Gutarin, Alex},
booktitle={2016 IEEE International Symposium on Workload Characterization (IISWC)},
year={2016},
}

@inproceedings{beaucoup-sigcomm20,
author = {Chen, Xiaoqi and Landau-Feibish, Shir and Braverman, Mark and Rexford, Jennifer},
title = {BeauCoup: Answering Many Network Traffic Queries, One Memory Update at a Time},
year = {2020},
booktitle = {Proceedings of the Annual Conference of the ACM Special Interest Group on Data Communication on the Applications, Technologies, Architectures, and Protocols for Computer Communication},
}

@article{p4campusprinceton,
author = {Kim, Hyojoon and Chen, Xiaoqi and Brassil, Jack and Rexford, Jennifer},
title = {Experience-Driven Research on Programmable Networks},
year = {2021},
journal = {SIGCOMM Comput. Commun. Rev.},
}

@proceedings{measuringq-bs19,
title = {Measuring Queues in Campus Network via Link Tapping},
year = {2019},
booktitle = {BS '19: Proceedings of the 2019 Workshop on Buffer Sizing},
}

@inproceedings{p4rtt-spin20,
author = {Chen, Xiaoqi and Kim, Hyojoon and Aman, Javed M. and Chang, Willie and Lee, Mack and Rexford, Jennifer},
title = {Measuring TCP Round-Trip Time in the Data Plane},
year = {2020},
booktitle = {Proceedings of the Workshop on Secure Programmable Network Infrastructure},
}

@article{gordon-19,
author = {Mishra, Ayush and Sun, Xiangpeng and Jain, Atishya and Pande, Sameer and Joshi, Raj and Leong, Ben},
title = {The Great Internet TCP Congestion Control Census},
year = {2019},
journal = {Proc. ACM Meas. Anal. Comput. Syst.},
}

@inproceedings {wide-usenix00,
author = {Kenjiro Cho and Koushirou Mitsuya and Akira Kato},
title = {Traffic Data Repository at the {WIDE} Project},
booktitle = {2000 USENIX Annual Technical Conference (USENIX ATC 00)},
year = {2000},
}

@inproceedings{russianconflict-imc22,
author = {Jonker, Mattijs and Akiwate, Gautam and Affinito, Antonia and Claffy, kc and Botta, Alessio and Voelker, Geoffrey M. and van Rijswijk-Deij, Roland and Savage, Stefan},
title = {Where .Ru? Assessing the Impact of Conflict on Russian Domain Infrastructure},
year = {2022},
booktitle = {Proceedings of the 22nd ACM Internet Measurement Conference},
}

@inproceedings{ontas-netai19,
author = {Kim, Hyojoon and Gupta, Arpit},
title = {ONTAS: Flexible and Scalable Online Network Traffic Anonymization System},
year = {2019},
booktitle = {Proceedings of the 2019 Workshop on Network Meets AI \& ML},
}

@inproceedings{bbroncubic-itc18,
author={Hurtig, Per and Haile, Habtegebreil and Grinnemo, Karl-Johan and Brunstrom, Anna and Atxutegi, Eneko and Liberal, Fidel and Arvidsson, Åke},
booktitle={2018 30th International Teletraffic Congress (ITC 30)}, 
title={Impact of TCP BBR on CUBIC Traffic: A Mixed Workload Evaluation}, 
year={2018},
}

@inproceedings{bbrdominant-imc22,
author = {Mishra, Ayush and Tiu, Wee Han and Leong, Ben},
title = {A Bird’s Eye View of the World’s Fastest Networks},
year = {2020},
booktitle = {Proceedings of the 20th ACM Internet Measurement Conference},
}

@inproceedings{latency-imc20,
author = {Bhattacharjee, Debopam and Aqeel, Waqar and Laughlin, Gregory and M. Maggs, Bruce and Singla, Ankit},
title = {Are We Heading towards a BBR-Dominant Internet?},
year = {2022},
booktitle = {Proceedings of the 22nd ACM Internet Measurement Conference},
}

@inproceedings{tcprevisited-imc09,
author = {Qiang, Feng and Gerber, Alexandre and Mao, Z. Morley and Sen, Subhabhrata and Spatscheck, Oliver and Willinger, Walter},
title = {TCP Revisited: A Fresh Look at TCP in the Wild},
year = {2009},
booktitle = {Proceedings of the 9th ACM Internet Measurement Conference},
}

@inproceedings{burstradar-apsys18,
author = {Joshi, Raj and Qu, Ting and Chan, Mun Choon and Leong, Ben and Loo, Boon Thau},
title = {BurstRadar: Practical Real-Time Microburst Monitoring for Datacenter Networks},
year = {2018},
booktitle = {Proceedings of the 9th Asia-Pacific Workshop on Systems},
}

@INPROCEEDINGS{1189102,
  author={Benko, P. and Veres, A.},
  booktitle={Global Telecommunications Conference, 2002. GLOBECOM '02. IEEE}, 
  title={A passive method for estimating end-to-end TCP packet loss}, 
  year={2002},
  volume={3},
  number={},
  pages={2609-2613 vol.3},
  keywords={Monitoring;Telecommunication traffic;Performance analysis;Performance loss;IP networks;Testing;Loss measurement;Statistics;Algorithm design and analysis;Laboratories},
  doi={10.1109/GLOCOM.2002.1189102}}

@article{10.1145/1090191.1080111,
author = {Sommers, Joel and Barford, Paul and Duffield, Nick and Ron, Amos},
title = {Improving accuracy in end-to-end packet loss measurement},
year = {2005},
issue_date = {October 2005},
publisher = {Association for Computing Machinery},
address = {New York, NY, USA},
volume = {35},
number = {4},
url = {https://doi.org/10.1145/1090191.1080111},
doi = {10.1145/1090191.1080111},
journal = {SIGCOMM Comput. Commun. Rev.},
month = {aug},
pages = {157–168},
keywords = {packet loss, network probes, network congestion, active measurement, Badabing}
}

@ARTICLE{707817,
  author={Paxson, V. and Mahdavi, J. and Adams, A. and Mathis, M.},
  journal={IEEE Communications Magazine}, 
  title={An architecture for large scale Internet measurement}, 
  year={1998},
  volume={36},
  number={8},
  pages={48-54},
  keywords={Large-scale systems;Internet;Buildings;Clouds;Testing;Communication system traffic control;Distributed control;Authentication;National security;Performance evaluation},
  doi={10.1109/35.707817}}

@article{bbrgoogle-acmqueue16,
title	= {BBR: Congestion-Based Congestion Control},
author	= {Neal Cardwell and Yuchung Cheng and C. Stephen Gunn and Soheil Hassas Yeganeh and Van Jacobson},
year	= {2016},
journal	= {ACM Queue},
}

@article{tcpcubic-sigops08,
author = {Ha, Sangtae and Rhee, Injong and Xu, Lisong},
title = {CUBIC: A New TCP-Friendly High-Speed TCP Variant},
year = {2008},
journal = {SIGOPS Oper. Syst. Rev.},
}

@inproceedings{paris2tokyoping-imc13,
author = {Pelsser, Cristel and Cittadini, Luca and Vissicchio, Stefano and Bush, Randy},
title = {From Paris to Tokyo: On the Suitability of Ping to Measure Latency},
year = {2013},
booktitle = {Proceedings of the 2013 Conference on Internet Measurement Conference},
}

@article{googlemlab-sigcomm10,
author = {Dovrolis, Constantine and Gummadi, Krishna and Kuzmanovic, Aleksandar and Meinrath, Sascha D.},
title = {Measurement Lab: Overview and an Invitation to the Research Community},
year = {2010},
journal = {SIGCOMM Comput. Commun. Rev.},
}

@inproceedings{measuringloadbalancedpaths-imc07,
author = {Augustin, Brice and Friedman, Timur and Teixeira, Renata},
title = {Measuring Load-Balanced Paths in the Internet},
year = {2007},
booktitle = {Proceedings of the 7th ACM SIGCOMM Conference on Internet Measurement},
}

@article{latencyanonymity-tissec13,
author = {Hopper, Nicholas and Vasserman, Eugene Y. and Chan-TIN, Eric},
title = {How Much Anonymity Does Network Latency Leak?},
year = {2010},
journal = {ACM Trans. Inf. Syst. Secur.},
}

@article{tcphandshakertt-sigcomm15,
author = {Ding, Hao and Rabinovich, Michael},
title = {TCP Stretch Acknowledgements and Timestamps: Findings and Implications for Passive RTT Measurement},
year = {2015},
journal = {SIGCOMM Comput. Commun. Rev.},
}

@inproceedings{probabilisticrecirculation-icnp2018,
title={Efficient Measurement on Programmable Switches Using Probabilistic Recirculation},
author={Ben-Basat, Ran and Chen, Xiaoqi and Einziger, Gil and Rottenstreich, Ori},
booktitle={IEEE 26th International Conference on Network Protocols (ICNP 2018)},
pages={1--11},
year={2018},
organization={IEEE}
}

@article{p4lang,
author = {Bosshart, Pat and Daly, Dan and Gibb, Glen and Izzard, Martin and McKeown, Nick and Rexford, Jennifer and Schlesinger, Cole and Talayco, Dan and Vahdat, Amin and Varghese, George and Walker, David},
title = {P4: Programming Protocol-Independent Packet Processors},
year = {2014},
journal = {SIGCOMM Comput. Commun. Rev.},
}

@inproceedings{tofino2,
author={Agrawal, Anurag and Kim, Changhoon},
booktitle={2020 IEEE Hot Chips 32 Symposium (HCS)}, 
title={Intel Tofino2 – A 12.9Tbps P4-Programmable Ethernet Switch}, 
year={2020},
}

@inbook{delaydp-book,
author = {Zheng, Yufei and Chen, Xiaoqi and Braverman, Mark and Rexford, Jennifer},
year = {2022},
title = {Unbiased Delay Measurement in the Data Plane},
booktitle = {Symposium on Algorithmic Principles of Computer Systems (APOCS)}
}

@inproceedings{dart-sigcomm22,
author = {Sengupta, Satadal and Kim, Hyojoon and Rexford, Jennifer},
title = {Continuous In-Network Round-Trip Time Monitoring},
year = {2022},
booktitle = {Proceedings of the ACM SIGCOMM 2022 Conference},
}

@inproceedings{tampering-sigcomm23,
author = {Raman, R. and Merino, LH. and Bock, Kevin and Fayed, Marwan and Levin, Dave and Sullivan, Nick and Valenta, Luke},
title = {Global, Passive Detection of Connection Tampering},
year = {2023},
booktitle = {Proceedings of the ACM SIGCOMM 2023 Conference},
}

@inproceedings{domainnameanalysis-sosr21,
author = {Kim, Jason and Kim, Hyojoon and Rexford, Jennifer},
title = {Analyzing Traffic by Domain Name in the Data Plane},
year = {2021},
booktitle = {SOSR '21: Proceedings of the ACM SIGCOMM Symposium on SDN Research (SOSR)},
}

@article{homep2p-sigcomm06,
author = {Cho, Kenjiro and Fukuda, Kensuke and Esaki, Hiroshi and Kato, Akira},
title = {The Impact and Implications of the Growth in Residential User-to-User Traffic},
year = {2006},
journal = {SIGCOMM Comput. Commun. Rev.},
}

@inproceedings{swedentraffic-icumt10,
author = {Kihl, Maria and Ödling, P. and Lagerstedt, C. and Aurelius, Andreas},
year = {2010},
title = {Traffic analysis and characterization of Internet user behavior},
journal = {2010 International Congress on Ultra Modern Telecommunications and Control Systems and Workshops, ICUMT 2010},
}

@inproceedings{ytedge-imc07,
author = {Gill, Phillipa and Arlitt, Martin and Li, Zongpeng and Mahanti, Anirban},
title = {Youtube Traffic Characterization: A View from the Edge},
year = {2007},
booktitle = {Proceedings of the 7th ACM SIGCOMM Conference on Internet Measurement},
}

@article{campuscovid-book20,
title={Campus traffic and e-Learning during COVID-19 pandemic},
author={Favale, Thomas and Soro, Francesca and Trevisan, Martino and Drago, Idilio and Mellia, Marco},
journal={Computer networks},
year={2020},
}

@inproceedings{covidinettraffic-imc20,
author = {Feldmann, Anja and Gasser, Oliver and Lichtblau, Franziska and Pujol, Enric and Poese, Ingmar and Dietzel, Christoph and Wagner, Daniel and Wichtlhuber, Matthias and Tapiador, Juan and Vallina-Rodriguez, Narseo and Hohlfeld, Oliver and Smaragdakis, Georgios},
title = {The Lockdown Effect: Implications of the COVID-19 Pandemic on Internet Traffic},
year = {2020},
booktitle = {Proceedings of the ACM Internet Measurement Conference},
}

@article{campuspolishflows-book21,
author = {Jurkiewicz, Piotr and Rzym, Grzegorz and Borylo, Piotr},
year = {2021},
title = {Flow length and size distributions in campus Internet traffic},
journal = {Computer Communications},
}

@inproceedings{floweventdataplane-sigcomm20,
author = {Zhou, Yu and Sun, Chen and Liu, Hongqiang Harry and Miao, Rui and Bai, Shi and Li, Bo and Zheng, Zhilong and Zhu, Lingjun and Shen, Zhen and Xi, Yongqing and Zhang, Pengcheng and Cai, Dennis and Zhang, Ming and Xu, Mingwei},
title = {Flow Event Telemetry on Programmable Data Plane},
year = {2020},
booktitle = {Proceedings of the Annual Conference of the ACM Special Interest Group on Data Communication on the Applications, Technologies, Architectures, and Protocols for Computer Communication},
}

@inproceedings{hashpipe-sosr17,
author = {Sivaraman, Vibhaalakshmi and Narayana, Srinivas and Rottenstreich, Ori and Muthukrishnan, S. and Rexford, Jennifer},
title = {Heavy-Hitter Detection Entirely in the Data Plane},
year = {2017},
booktitle = {Proceedings of the Symposium on SDN Research},
}

@article{flowstalkerint-ieee21,
title={Passive in-band network telemetry systems: The potential of programmable data plane on network-wide telemetry},
author={Manzanares-Lopez, Pilar and Mu{\~n}oz-Gea, Juan Pedro and Malgosa-Sanahuja, Josemaria},
journal={IEEE Access},
year={2021},
}

@article{cryptopan,
author = {Fan, Jinliang and Xu, Jun and Ammar, Mostafa H. and Moon, Sue B.},
title = {Prefix-Preserving IP Address Anonymization: Measurement-Based Security Evaluation and a New Cryptography-Based Scheme},
year = {2004},
journal = {Computer Networks},
}

@article{pktanon,
title = {PktAnon – A Generic Framework for Profile-based Traffic Anonymization},
author = {Th. Gamer and Chr. Mayer and M. Schöller},
journal = {},
year = {2008},
}

@article{democracyinet-jhu,
title={The 2016 US Election: Can democracy survive the internet?},
author={Persily, Nathaniel},
journal={Journal of democracy},
year={2017},
}

@article{2016uselection,
title={A note on internet use and the 2016 US presidential election outcome},
author={Boxell, Levi and Gentzkow, Matthew and Shapiro, Jesse M},
journal={Plos one},
year={2018},
}

@inproceedings{zoom-pam22,
author = {Choi, Albert and Karamollahi, Mehdi and Williamson, Carey and Arlitt, Martin},
title = {Zoom Session Quality: A Network-Level View},
year = {2022},
booktitle = {Passive and Active Measurement: 23rd International Conference, PAM 2022, Virtual Event, March 28–30, 2022, Proceedings},
}

@inproceedings{zoom-imc22,
author = {Michel, Oliver and Sengupta, Satadal and Kim, Hyojoon and Netravali, Ravi and Rexford, Jennifer},
title = {Enabling Passive Measurement of Zoom Performance in Production Networks},
year = {2022},
booktitle = {Proceedings of the 22nd ACM Internet Measurement Conference},
}

@inproceedings{ismyinetdown-imc22,
author = {Kirci, Ege Cem and Vahlensieck, Martin and Vanbever, Laurent},
title = {"Is My Internet down?": Sifting through User-Affecting Outages with Google Trends},
year = {2022},
booktitle = {Proceedings of the 22nd ACM Internet Measurement Conference},
}

@inproceedings{inetcensorship-imc11,
author = {Dainotti, Alberto and Squarcella, Claudio and Aben, Emile and Claffy, Kimberly C. and Chiesa, Marco and Russo, Michele and Pescap\'{e}, Antonio},
title = {Analysis of Country-Wide Internet Outages Caused by Censorship},
year = {2011},
booktitle = {Proceedings of the 2011 ACM SIGCOMM Conference on Internet Measurement Conference},
}

@inproceedings{quic-sigcomm17,
author = {Langley, Adam and Riddoch, Alistair and Wilk, Alyssa and Vicente, Antonio and Krasic, Charles and Zhang, Dan and Yang, Fan and Kouranov, Fedor and Swett, Ian and Iyengar, Janardhan and Bailey, Jeff and Dorfman, Jeremy and Roskind, Jim and Kulik, Joanna and Westin, Patrik and Tenneti, Raman and Shade, Robbie and Hamilton, Ryan and Vasiliev, Victor and Chang, Wan-Teh and Shi, Zhongyi},
title = {The QUIC Transport Protocol: Design and Internet-Scale Deployment},
year = {2017},
booktitle = {Proceedings of the Conference of the ACM Special Interest Group on Data Communication},
}

@misc{http3-rfc9114,
howpublished =  {RFC 9114},
author =    {Mike Bishop},
title =     {{HTTP/3}},
year =      2022,
}

@book{tcpipillustrated-book,
title={TCP/IP Illustrated, Volume 1: The Protocols},
author={Fall, K.R. and Stevens, W.R.},
series={Addison-Wesley Professional Computing Series},
year={2011},
}

@inproceedings{dnshijack-srds21,
title={A Comprehensive Measurement-based Investigation of DNS Hijacking},
author={Houser, Rebekah and Hao, Shuai and Li, Zhou and Liu, Daiping and Cotton, Chase and Wang, Haining},
booktitle={2021 40th International Symposium on Reliable Distributed Systems (SRDS)},
year={2021},
}

@article{openflow,
author = {McKeown, Nick and Anderson, Tom and Balakrishnan, Hari and Parulkar, Guru and Peterson, Larry and Rexford, Jennifer and Shenker, Scott and Turner, Jonathan},
title = {OpenFlow: Enabling Innovation in Campus Networks},
year = {2008},
journal = {SIGCOMM Comput. Commun. Rev.},
}

@article{dppsurvey,
title = {A survey on data plane programming with P4: Fundamentals, advances, and applied research},
journal = {Journal of Network and Computer Applications},
year = {2023},
author = {Frederik Hauser and Marco Häberle and Daniel Merling and Steffen Lindner and Vladimir Gurevich and Florian Zeiger and Reinhard Frank and Michael Menth},
keywords = {P4, SDN, Programmable data planes},
}

@online{dpdk,
author = {The Linux Foundation Projects},
title = {DPDK},
year = {2023},
url = {https://www.dpdk.org},
urldate = {2023-04}
}

@online{dpdk2023,
    author = {Roeder, Tobias},
    title = {Accelerating traffic with DPDK-optimized DPI},
    year = {2023},
    month = {September 6},
    url = {https://www.ipoque.com/blog/dpdk-optimized-dpi-software}
}


@online{p4psa,
author = {P4 Language Consortium},
title = {Portable Switch Architecture},
year = {2023},
url = {https://p4.org/p4-spec/docs/PSA.html},
urldate = {2023-04}
}

@misc{inettrafficarchieve,
author = {Peter Danzig and Jeff Mogul and Vern Paxson and Mike Schwartz},
title = {The Internet Traffic Archive},
url = {https://ita.ee.lbl.gov}
}

@misc{caidatraces,
author = {CAIDA},
title = {The CAIDA UCSD Anonymized Internet Traces},
year = {2019},
url = {https://www.caida.org/catalog/datasets/passive_dataset},
urldate = {2023-02}
}

@online{tcptrace,
author = {Shawn Ostermann},
title = {tcptrace},
year = {2007},
url = {http://www.tcptrace.org},
urldate = {2023-04}
}

@online{tcpanon,
author = {Francesco Gringoli},
title = {tcpanon},
year = {2009},
url = {http://netweb.ing.unibs.it/~ntw/tools/tcpanon},
urldate = {2023-04}
}

@online{ripeatlas,
author = {RIPE NCC},
title = {Ripe Atlas},
year = {2010},
url = {https://atlas.ripe.net},
urldate = {2023-04}
}

@online{tcpdump,
author = {Van Jacobson, Craig Leres and Steven McCanne},
title = {TCPDUMP \& LIBPCAP},
year = {1988},
url = {https://www.tcpdump.org},
urldate = {2023-04}
}

@online{tcpreplay,
author = {Matt Undy},
title = {Tcpreplay - Pcap editing and replaying utilities},
year = {1999},
url = {https://tcpreplay.appneta.com},
urldate = {2023-04}
}

@online{scapy,
author = {Philippe Biondi},
title = {Scapy},
year = {2007},
url = {https://scapy.net},
urldate = {2023-04}
}

@online{pcapplusplus,
author = {seladb},
title = {PcapPlusPlus},
year = {2007},
url = {https://pcapplusplus.github.io},
urldate = {2023-04}
}

@online{wireshark,
author = {Wireshark Foundation},
title = {Wireshark},
year = {1998},
url = {https://www.wireshark.org},
urldate = {2023-04}
}

@online{iputils,
title = {iputils: a set of small useful utilities for Linux networking.},
year = {2022},
url = {https://github.com/iputils/iputils},
urldate = {2023-04}
}

@online{inetutils,
author = {GNU Project},
title = {Inetutils: Network utilities},
year = {2022},
url = {https://www.gnu.org/software/inetutils},
urldate = {2023-04}
}

@online{iperf,
title = {iPerf - The ultimate speed test tool for TCP, UDP and SCTP},
year = {2022},
url = {https://iperf.fr},
urldate = {2023-04}
}

@online{alexatop1m,
author = {Alexa},
title = {Top 1M sites},
year = {2023},
url = {http://s3.amazonaws.com/alexa-static/top-1m.csv.zip},
urldate = {2023-04}
}

@online{fscomtap,
title = {FHD Fiber TAP Cassette},
url = {https://www.fs.com/sg/products/68747.html},
urldate = {2023-04}
}

@online{inteltofino,
author = {Intel Corporation},
title = {Intel® Tofino™ Programmable Ethernet Switch ASIC},
url = {https://www.intel.com/content/www/xa/en/products/network-io/programmable-ethernet-switch/tofino-series.html},
urldate = {2023-04}
}

@online{cisconexus,
author = {Cisco Systems, Inc.},
title = {Cisco Nexus 34180YC and 3464C Programmable Switches},
url = {https://www.cisco.com/c/en/us/products/collateral/switches/nexus-3000-series-switches/datasheet-c78-740836.html},
urldate = {2023-04}
}

@online{broadcomtrident,
author = {Broadcom Inc.},
title = {Trident4 / BCM56880 Series},
url = {https://www.broadcom.com/products/ethernet-connectivity/switching/strataxgs/bcm56880-series},
urldate = {2023-04}
}

@misc{tls1.0-rfc2246,
howpublished =  {RFC 2246},
author =    {Christopher Allen and Tim Dierks},
title =     {{The TLS Protocol Version 1.0}},
}

@misc{tls1.3-rfc8446,
howpublished =  {RFC 8446},
author =    {Eric Rescorla},
title =     {{The Transport Layer Security (TLS) Protocol Version 1.3}},
}

@misc{cisconetflow-rfc3954,
howpublished =  {RFC 3954},
author =    {Benoît Claise},
title =     {{Cisco Systems NetFlow Services Export Version 9}},
year =      2004,
}