@inproceedings{conquest-conext19,
author = {Chen, Xiaoqi and Feibish, Shir Landau and Koral, Yaron and Rexford, Jennifer and Rottenstreich, Ori and Monetti, Steven A and Wang, Tzuu-Yi},
title = {Fine-Grained Queue Measurement in the Data Plane},
year = {2019},
isbn = {9781450369985},
publisher = {Association for Computing Machinery},
url = {https://doi.org/10.1145/3359989.3365408},
doi = {10.1145/3359989.3365408},
booktitle = {Proceedings of the 15th International Conference on Emerging Networking Experiments And Technologies},
pages = {15–29},
numpages = {15},
keywords = {network monitoring, queue measurement, SDN, P4},
location = {Orlando, Florida},
series = {CoNEXT '19}
}

@inproceedings{tcprtt-imc03,
author = {Aikat, Jay and Kaur, Jasleen and Smith, F. Donelson and Jeffay, Kevin},
title = {Variability in TCP Round-Trip Times},
year = {2003},
isbn = {1581137737},
publisher = {Association for Computing Machinery},
url = {https://doi.org/10.1145/948205.948241},
doi = {10.1145/948205.948241},
booktitle = {Proceedings of the 3rd ACM SIGCOMM Conference on Internet Measurement},
pages = {279–284},
numpages = {6},
keywords = {TCP round-trip times},
location = {Miami Beach, FL, USA},
series = {IMC '03}
}

@report{gipr-sandvine22,
title = {The Global Internet Phenomena Report},
institution = {Sandvine Inc.},
month = jan,
year = {2022}
}

@article{tcpcwnd-sigcomm10,
title	= {An Argument for Increasing TCP's Initial Congestion Window},
author	= {Nandita Dukkipati and Tiziana Refice and Yuchung Cheng and Jerry Chu and Tom Herbert and Amit Agarwal and Arvind Jain and Natalia Sutin},
year	= {2010},
URL	= {http://ccr.sigcomm.org/drupal/?q=node/621},
journal	= {ACM SIGCOMM Computer Communications Review},
pages	= {27--33},
volume	= {40}
}

@inproceedings{netflixworkload-iiswc16,
title={Characterizing the workload of a Netflix streaming video server},
author={Summers, Jim and Brecht, Tim and Eager, Derek and Gutarin, Alex},
booktitle={2016 IEEE International Symposium on Workload Characterization (IISWC)},
pages={1--12},
year={2016},
organization={IEEE}
}

@inproceedings{beaucoup-sigcomm20,
author = {Chen, Xiaoqi and Landau-Feibish, Shir and Braverman, Mark and Rexford, Jennifer},
title = {BeauCoup: Answering Many Network Traffic Queries, One Memory Update at a Time},
year = {2020},
isbn = {9781450379557},
publisher = {Association for Computing Machinery},
url = {https://doi.org/10.1145/3387514.3405865},
doi = {10.1145/3387514.3405865},
booktitle = {Proceedings of the Annual Conference of the ACM Special Interest Group on Data Communication on the Applications, Technologies, Architectures, and Protocols for Computer Communication},
pages = {226–239},
numpages = {14},
keywords = {Programmable Switch, Distinct Counting, Sketching, Network Measurement, Data Plane, Streaming Algorithm},
location = {Virtual Event, USA},
series = {SIGCOMM '20}
}

@article{p4campusprinceton,
author = {Kim, Hyojoon and Chen, Xiaoqi and Brassil, Jack and Rexford, Jennifer},
title = {Experience-Driven Research on Programmable Networks},
year = {2021},
issue_date = {01/31/2021},
publisher = {Association for Computing Machinery},
volume = {51},
number = {1},
issn = {0146-4833},
url = {https://doi.org/10.1145/3457175.3457178},
doi = {10.1145/3457175.3457178},
journal = {SIGCOMM Comput. Commun. Rev.},
month = mar,
pages = {10–17},
numpages = {8},
keywords = {network experiments, network testing platform, P4}
}

@proceedings{measuringq-bs19,
title = {Measuring Queues in Campus Network via Link Tapping},
year = {2019},
booktitle = {BS '19: Proceedings of the 2019 Workshop on Buffer Sizing},
publisher = {Association for Computing Machinery},
}

@inproceedings{p4rtt-spin20,
author = {Chen, Xiaoqi and Kim, Hyojoon and Aman, Javed M. and Chang, Willie and Lee, Mack and Rexford, Jennifer},
title = {Measuring TCP Round-Trip Time in the Data Plane},
year = {2020},
isbn = {9781450380416},
publisher = {Association for Computing Machinery},
url = {https://doi.org/10.1145/3405669.3405823},
doi = {10.1145/3405669.3405823},
booktitle = {Proceedings of the Workshop on Secure Programmable Network Infrastructure},
pages = {35–41},
numpages = {7},
keywords = {Hash Tables, Network Monitoring, P4, TCP RTT, Data Plane},
location = {Virtual Event, USA},
series = {SPIN '20}
}

@article{gordon-19,
author = {Mishra, Ayush and Sun, Xiangpeng and Jain, Atishya and Pande, Sameer and Joshi, Raj and Leong, Ben},
title = {The Great Internet TCP Congestion Control Census},
year = {2019},
issue_date = {December 2019},
publisher = {Association for Computing Machinery},
volume = {3},
number = {3},
url = {https://doi.org/10.1145/3366693},
doi = {10.1145/3366693},
journal = {Proc. ACM Meas. Anal. Comput. Syst.},
month = dec,
articleno = {45},
numpages = {24},
keywords = {congestion control, measurement study}
}

@inproceedings {wide-usenix00,
author = {Kenjiro Cho and Koushirou Mitsuya and Akira Kato},
title = {Traffic Data Repository at the {WIDE} Project},
booktitle = {2000 USENIX Annual Technical Conference (USENIX ATC 00)},
year = {2000},
address = {San Diego, CA},
url = {https://www.usenix.org/conference/2000-usenix-annual-technical-conference/traffic-data-repository-wide-project},
publisher = {USENIX Association},
month = jun,
}

@inproceedings{russianconflict-imc22,
author = {Jonker, Mattijs and Akiwate, Gautam and Affinito, Antonia and Claffy, kc and Botta, Alessio and Voelker, Geoffrey M. and van Rijswijk-Deij, Roland and Savage, Stefan},
title = {Where .Ru? Assessing the Impact of Conflict on Russian Domain Infrastructure},
year = {2022},
isbn = {9781450392594},
publisher = {Association for Computing Machinery},
url = {https://doi.org/10.1145/3517745.3561423},
doi = {10.1145/3517745.3561423},
booktitle = {Proceedings of the 22nd ACM Internet Measurement Conference},
pages = {159–165},
numpages = {7},
keywords = {sanctions, infrastructure, hosting, conflict, DNS, web PKI},
location = {Nice, France},
series = {IMC '22}
}

@inproceedings{ontas-netai19,
author = {Kim, Hyojoon and Gupta, Arpit},
title = {ONTAS: Flexible and Scalable Online Network Traffic Anonymization System},
year = {2019},
isbn = {9781450368728},
publisher = {Association for Computing Machinery},
url = {https://doi.org/10.1145/3341216.3342208},
doi = {10.1145/3341216.3342208},
booktitle = {Proceedings of the 2019 Workshop on Network Meets AI \& ML},
pages = {15–21},
numpages = {7},
keywords = {Anonymization, Programmable switches, PISA, P4},
location = {Beijing, China},
series = {NetAI'19}
}

@inproceedings{bbroncubic-itc18,
author={Hurtig, Per and Haile, Habtegebreil and Grinnemo, Karl-Johan and Brunstrom, Anna and Atxutegi, Eneko and Liberal, Fidel and Arvidsson, Åke},
booktitle={2018 30th International Teletraffic Congress (ITC 30)}, 
title={Impact of TCP BBR on CUBIC Traffic: A Mixed Workload Evaluation}, 
year={2018},
volume={01},
number={},
pages={218-226},
doi={10.1109/ITC30.2018.00040}
}

@inproceedings{bbrdominant-imc22,
author = {Mishra, Ayush and Tiu, Wee Han and Leong, Ben},
title = {Are We Heading towards a BBR-Dominant Internet?},
year = {2022},
isbn = {9781450392594},
publisher = {Association for Computing Machinery},
url = {https://doi.org/10.1145/3517745.3561429},
doi = {10.1145/3517745.3561429},
booktitle = {Proceedings of the 22nd ACM Internet Measurement Conference},
pages = {538–550},
numpages = {13},
keywords = {congestion control, measurement},
location = {Nice, France},
series = {IMC '22}
}

@inproceedings{burstradar-apsys18,
author = {Joshi, Raj and Qu, Ting and Chan, Mun Choon and Leong, Ben and Loo, Boon Thau},
title = {BurstRadar: Practical Real-Time Microburst Monitoring for Datacenter Networks},
year = {2018},
isbn = {9781450360067},
publisher = {Association for Computing Machinery},
url = {https://doi.org/10.1145/3265723.3265731},
doi = {10.1145/3265723.3265731},
booktitle = {Proceedings of the 9th Asia-Pacific Workshop on Systems},
articleno = {8},
numpages = {8},
location = {Jeju Island, Republic of Korea},
series = {APSys '18}
}

@article{bbrgoogle-acmqueue16,
title	= {BBR: Congestion-Based Congestion Control},
author	= {Neal Cardwell and Yuchung Cheng and C. Stephen Gunn and Soheil Hassas Yeganeh and Van Jacobson},
year	= {2016},
URL	= {http://queue.acm.org/detail.cfm?id=3022184},
journal	= {ACM Queue},
pages	= {20 - 53},
volume	= {14, September-October}
}

@article{tcpcubic-sigops08,
author = {Ha, Sangtae and Rhee, Injong and Xu, Lisong},
title = {CUBIC: A New TCP-Friendly High-Speed TCP Variant},
year = {2008},
issue_date = {July 2008},
publisher = {Association for Computing Machinery},
volume = {42},
number = {5},
issn = {0163-5980},
url = {https://doi.org/10.1145/1400097.1400105},
doi = {10.1145/1400097.1400105},
journal = {SIGOPS Oper. Syst. Rev.},
month = jul,
pages = {64–74},
numpages = {11}
}

@inproceedings{paris2tokyoping-imc13,
author = {Pelsser, Cristel and Cittadini, Luca and Vissicchio, Stefano and Bush, Randy},
title = {From Paris to Tokyo: On the Suitability of Ping to Measure Latency},
year = {2013},
isbn = {9781450319539},
publisher = {Association for Computing Machinery},
url = {https://doi.org/10.1145/2504730.2504765},
doi = {10.1145/2504730.2504765},
booktitle = {Proceedings of the 2013 Conference on Internet Measurement Conference},
pages = {427–432},
numpages = {6},
keywords = {jitter, ping, delay, load-balancing},
location = {Barcelona, Spain},
series = {IMC '13}
}

@article{googlemlab-sigcomm10,
author = {Dovrolis, Constantine and Gummadi, Krishna and Kuzmanovic, Aleksandar and Meinrath, Sascha D.},
title = {Measurement Lab: Overview and an Invitation to the Research Community},
year = {2010},
issue_date = {July 2010},
publisher = {Association for Computing Machinery},
volume = {40},
number = {3},
issn = {0146-4833},
url = {https://doi.org/10.1145/1823844.1823853},
doi = {10.1145/1823844.1823853},
journal = {SIGCOMM Comput. Commun. Rev.},
month = jun,
pages = {53–56},
numpages = {4},
keywords = {network measurement, broadband internet access, network neutrality}
}

@inproceedings{measuringloadbalancedpaths-imc07,
author = {Augustin, Brice and Friedman, Timur and Teixeira, Renata},
title = {Measuring Load-Balanced Paths in the Internet},
year = {2007},
isbn = {9781595939081},
publisher = {Association for Computing Machinery},
url = {https://doi.org/10.1145/1298306.1298329},
doi = {10.1145/1298306.1298329},
booktitle = {Proceedings of the 7th ACM SIGCOMM Conference on Internet Measurement},
pages = {149–160},
numpages = {12},
keywords = {multipath, path diversity, traceroute, load balancing},
location = {San Diego, California, USA},
series = {IMC '07}
}

@article{latencyanonymity-tissec13,
author = {Hopper, Nicholas and Vasserman, Eugene Y. and Chan-TIN, Eric},
title = {How Much Anonymity Does Network Latency Leak?},
year = {2010},
issue_date = {February 2010},
publisher = {Association for Computing Machinery},
volume = {13},
number = {2},
issn = {1094-9224},
url = {https://doi.org/10.1145/1698750.1698753},
doi = {10.1145/1698750.1698753},
journal = {ACM Trans. Inf. Syst. Secur.},
month = mar,
articleno = {13},
numpages = {28}
}

@article{tcphandshakertt-sigcomm15,
author = {Ding, Hao and Rabinovich, Michael},
title = {TCP Stretch Acknowledgements and Timestamps: Findings and Implications for Passive RTT Measurement},
year = {2015},
issue_date = {July 2015},
publisher = {Association for Computing Machinery},
volume = {45},
number = {3},
issn = {0146-4833},
url = {https://doi.org/10.1145/2805789.2805793},
doi = {10.1145/2805789.2805793},
journal = {SIGCOMM Comput. Commun. Rev.},
month = jul,
pages = {20–27},
numpages = {8}
}

@article{p4lang,
author = {Bosshart, Pat and Daly, Dan and Gibb, Glen and Izzard, Martin and McKeown, Nick and Rexford, Jennifer and Schlesinger, Cole and Talayco, Dan and Vahdat, Amin and Varghese, George and Walker, David},
title = {P4: Programming Protocol-Independent Packet Processors},
year = {2014},
issue_date = {July 2014},
publisher = {Association for Computing Machinery},
volume = {44},
number = {3},
issn = {0146-4833},
url = {https://doi.org/10.1145/2656877.2656890},
doi = {10.1145/2656877.2656890},
journal = {SIGCOMM Comput. Commun. Rev.},
month = jul,
pages = {87–95},
numpages = {9},
keywords = {sdn, p4, protocol-independent, reconfigurability}
}

@inproceedings{tofino2,
author={Agrawal, Anurag and Kim, Changhoon},
booktitle={2020 IEEE Hot Chips 32 Symposium (HCS)}, 
title={Intel Tofino2 – A 12.9Tbps P4-Programmable Ethernet Switch}, 
year={2020},
volume={},
number={},
pages={1-32},
doi={10.1109/HCS49909.2020.9220636}
}

@inbook{delaydp-book,
author = {Zheng, Yufei and Chen, Xiaoqi and Braverman, Mark and Rexford, Jennifer},
year = {2022},
month = {01},
pages = {15-30},
title = {Unbiased Delay Measurement in the Data Plane},
isbn = {978-1-61197-705-9},
doi = {10.1137/1.9781611977059.2}
}

@inproceedings{dart-sigcomm22,
author = {Sengupta, Satadal and Kim, Hyojoon and Rexford, Jennifer},
title = {Continuous In-Network Round-Trip Time Monitoring},
year = {2022},
isbn = {9781450394208},
publisher = {Association for Computing Machinery},
url = {https://doi.org/10.1145/3544216.3544222},
doi = {10.1145/3544216.3544222},
booktitle = {Proceedings of the ACM SIGCOMM 2022 Conference},
pages = {473–485},
numpages = {13},
keywords = {highspeed programmable switch, network monitoring, round-trip time, passive measurement},
location = {Amsterdam, Netherlands},
series = {SIGCOMM '22}
}

@article{homep2p-sigcomm06,
author = {Cho, Kenjiro and Fukuda, Kensuke and Esaki, Hiroshi and Kato, Akira},
title = {The Impact and Implications of the Growth in Residential User-to-User Traffic},
year = {2006},
issue_date = {October 2006},
publisher = {Association for Computing Machinery},
volume = {36},
number = {4},
issn = {0146-4833},
url = {https://doi.org/10.1145/1151659.1159938},
doi = {10.1145/1151659.1159938},
journal = {SIGCOMM Comput. Commun. Rev.},
month = aug,
pages = {207–218},
numpages = {12},
keywords = {traffic growth, ISP backbone traffic, residential broadband}
}

@inproceedings{swedentraffic-icumt10,
author = {Kihl, Maria and Ödling, P. and Lagerstedt, C. and Aurelius, Andreas},
year = {2010},
month = {11},
pages = {224 - 231},
title = {Traffic analysis and characterization of Internet user behavior},
journal = {2010 International Congress on Ultra Modern Telecommunications and Control Systems and Workshops, ICUMT 2010},
doi = {10.1109/ICUMT.2010.5676633}
}

@inproceedings{ytedge-imc07,
author = {Gill, Phillipa and Arlitt, Martin and Li, Zongpeng and Mahanti, Anirban},
title = {Youtube Traffic Characterization: A View from the Edge},
year = {2007},
isbn = {9781595939081},
publisher = {Association for Computing Machinery},
url = {https://doi.org/10.1145/1298306.1298310},
doi = {10.1145/1298306.1298310},
booktitle = {Proceedings of the 7th ACM SIGCOMM Conference on Internet Measurement},
pages = {15–28},
numpages = {14},
keywords = {multimedia, characterization, youtube, web 2.0},
location = {San Diego, California, USA},
series = {IMC '07}
}

@article{campuscovid-book20,
title={Campus traffic and e-Learning during COVID-19 pandemic},
author={Favale, Thomas and Soro, Francesca and Trevisan, Martino and Drago, Idilio and Mellia, Marco},
journal={Computer networks},
volume={176},
pages={107290},
year={2020},
publisher={Elsevier}
}

@inproceedings{covidinettraffic-imc20,
author = {Feldmann, Anja and Gasser, Oliver and Lichtblau, Franziska and Pujol, Enric and Poese, Ingmar and Dietzel, Christoph and Wagner, Daniel and Wichtlhuber, Matthias and Tapiador, Juan and Vallina-Rodriguez, Narseo and Hohlfeld, Oliver and Smaragdakis, Georgios},
title = {The Lockdown Effect: Implications of the COVID-19 Pandemic on Internet Traffic},
year = {2020},
isbn = {9781450381383},
publisher = {Association for Computing Machinery},
url = {https://doi.org/10.1145/3419394.3423658},
doi = {10.1145/3419394.3423658},
booktitle = {Proceedings of the ACM Internet Measurement Conference},
pages = {1–18},
numpages = {18},
keywords = {COVID-19, Internet Traffic, Internet Measurement, Traffic Shifts},
location = {Virtual Event, USA},
series = {IMC '20}
}

@article{campuspolishflows-book21,
author = {Jurkiewicz, Piotr and Rzym, Grzegorz and Borylo, Piotr},
year = {2021},
month = {02},
pages = {15-30},
title = {Flow length and size distributions in campus Internet traffic},
volume = {167},
journal = {Computer Communications},
doi = {10.1016/j.comcom.2020.12.016}
}

@inproceedings{floweventdataplane-sigcomm20,
author = {Zhou, Yu and Sun, Chen and Liu, Hongqiang Harry and Miao, Rui and Bai, Shi and Li, Bo and Zheng, Zhilong and Zhu, Lingjun and Shen, Zhen and Xi, Yongqing and Zhang, Pengcheng and Cai, Dennis and Zhang, Ming and Xu, Mingwei},
title = {Flow Event Telemetry on Programmable Data Plane},
year = {2020},
isbn = {9781450379557},
publisher = {Association for Computing Machinery},
url = {https://doi.org/10.1145/3387514.3406214},
doi = {10.1145/3387514.3406214},
booktitle = {Proceedings of the Annual Conference of the ACM Special Interest Group on Data Communication on the Applications, Technologies, Architectures, and Protocols for Computer Communication},
pages = {76–89},
numpages = {14},
keywords = {Flow event telemetry, monitoring, programmable data plane},
location = {Virtual Event, USA},
series = {SIGCOMM '20}
}

@inproceedings{hashpipe-sosr17,
author = {Sivaraman, Vibhaalakshmi and Narayana, Srinivas and Rottenstreich, Ori and Muthukrishnan, S. and Rexford, Jennifer},
title = {Heavy-Hitter Detection Entirely in the Data Plane},
year = {2017},
isbn = {9781450349475},
publisher = {Association for Computing Machinery},
url = {https://doi.org/10.1145/3050220.3063772},
doi = {10.1145/3050220.3063772},
booktitle = {Proceedings of the Symposium on SDN Research},
pages = {164–176},
numpages = {13},
keywords = {Software-Defined Networks, Network Monitoring, Programmable Networks, Network Algorithms},
location = {Santa Clara, CA, USA},
series = {SOSR '17}
}

@article{flowstalkerint-ieee21,
  title={Passive in-band network telemetry systems: The potential of programmable data plane on network-wide telemetry},
  author={Manzanares-Lopez, Pilar and Mu{\~n}oz-Gea, Juan Pedro and Malgosa-Sanahuja, Josemaria},
  journal={IEEE Access},
  volume={9},
  pages={20391--20409},
  year={2021},
  publisher={IEEE}
}

@article{cryptopan,
author = {Fan, Jinliang and Xu, Jun and Ammar, Mostafa H. and Moon, Sue B.},
title = {Prefix-Preserving IP Address Anonymization: Measurement-Based Security Evaluation and a New Cryptography-Based Scheme},
year = {2004},
issue_date = {7 October 2004},
publisher = {Elsevier North-Holland, Inc.},
volume = {46},
number = {2},
issn = {1389-1286},
url = {https://doi.org/10.1016/j.comnet.2004.03.033},
doi = {10.1016/j.comnet.2004.03.033},
journal = {Comput. Netw.},
month = oct,
pages = {253–272},
numpages = {20},
keywords = {TCPdpriv, traffic measurement, security, privacy, prefix-preserving address anonymization, cryptography-based anonymization}
}

@article{pktanon,
url = {https://doi.org/10.1515/piko.2008.0016},
title = {PktAnon – A Generic Framework for Profile-based Traffic Anonymization},
author = {Th. Gamer and Chr. Mayer and M. Schöller},
pages = {76--81},
volume = {31},
number = {2},
journal = {},
doi = {doi:10.1515/piko.2008.0016},
year = {2008},
}

@article{democracyinet-jhu,
  title={The 2016 US Election: Can democracy survive the internet?},
  author={Persily, Nathaniel},
  journal={Journal of democracy},
  volume={28},
  number={2},
  pages={63--76},
  year={2017},
  publisher={Johns Hopkins University Press}
}

@article{2016uselection,
  title={A note on internet use and the 2016 US presidential election outcome},
  author={Boxell, Levi and Gentzkow, Matthew and Shapiro, Jesse M},
  journal={Plos one},
  volume={13},
  number={7},
  pages={e0199571},
  year={2018},
  publisher={Public Library of Science San Francisco, CA USA}
}

@inproceedings{zoom-pam22,
author = {Choi, Albert and Karamollahi, Mehdi and Williamson, Carey and Arlitt, Martin},
title = {Zoom Session Quality: A Network-Level View},
year = {2022},
isbn = {978-3-030-98784-8},
publisher = {Springer-Verlag},
address = {Berlin, Heidelberg},
url = {https://doi.org/10.1007/978-3-030-98785-5_25},
doi = {10.1007/978-3-030-98785-5_25},
booktitle = {Passive and Active Measurement: 23rd International Conference, PAM 2022, Virtual Event, March 28–30, 2022, Proceedings},
pages = {555–572},
numpages = {18},
keywords = {QoE, Zoom video conferencing, Network measurement}
}

@inproceedings{zoom-imc22,
author = {Michel, Oliver and Sengupta, Satadal and Kim, Hyojoon and Netravali, Ravi and Rexford, Jennifer},
title = {Enabling Passive Measurement of Zoom Performance in Production Networks},
year = {2022},
isbn = {9781450392594},
publisher = {Association for Computing Machinery},
url = {https://doi.org/10.1145/3517745.3561414},
booktitle = {Proceedings of the 22nd ACM Internet Measurement Conference},
pages = {244–260},
numpages = {17},
keywords = {video conferencing, network performance, reverse engineering, measurement, protocol analysis, zoom},
location = {Nice, France},
series = {IMC '22}
}

@inproceedings{ismyinetdown-imc22,
author = {Kirci, Ege Cem and Vahlensieck, Martin and Vanbever, Laurent},
title = {"Is My Internet down?": Sifting through User-Affecting Outages with Google Trends},
year = {2022},
isbn = {9781450392594},
publisher = {Association for Computing Machinery},
url = {https://doi.org/10.1145/3517745.3561428},
doi = {10.1145/3517745.3561428},
booktitle = {Proceedings of the 22nd ACM Internet Measurement Conference},
pages = {290–297},
numpages = {8},
keywords = {Google trends, anomaly detection, data mining, internet outages},
location = {Nice, France},
series = {IMC '22}
}

@inproceedings{inetcensorship-imc11,
author = {Dainotti, Alberto and Squarcella, Claudio and Aben, Emile and Claffy, Kimberly C. and Chiesa, Marco and Russo, Michele and Pescap\'{e}, Antonio},
title = {Analysis of Country-Wide Internet Outages Caused by Censorship},
year = {2011},
isbn = {9781450310130},
publisher = {Association for Computing Machinery},
url = {https://doi.org/10.1145/2068816.2068818},
doi = {10.1145/2068816.2068818},
booktitle = {Proceedings of the 2011 ACM SIGCOMM Conference on Internet Measurement Conference},
pages = {1–18},
numpages = {18},
keywords = {internet background radiation, censorship, connectivity disruption, network telescope, outages, darknet},
location = {Berlin, Germany},
series = {IMC '11}
}

@inproceedings{quic-sigcomm17,
author = {Langley, Adam and Riddoch, Alistair and Wilk, Alyssa and Vicente, Antonio and Krasic, Charles and Zhang, Dan and Yang, Fan and Kouranov, Fedor and Swett, Ian and Iyengar, Janardhan and Bailey, Jeff and Dorfman, Jeremy and Roskind, Jim and Kulik, Joanna and Westin, Patrik and Tenneti, Raman and Shade, Robbie and Hamilton, Ryan and Vasiliev, Victor and Chang, Wan-Teh and Shi, Zhongyi},
title = {The QUIC Transport Protocol: Design and Internet-Scale Deployment},
year = {2017},
isbn = {9781450346535},
publisher = {Association for Computing Machinery},
url = {https://doi.org/10.1145/3098822.3098842},
doi = {10.1145/3098822.3098842},
booktitle = {Proceedings of the Conference of the ACM Special Interest Group on Data Communication},
pages = {183–196},
numpages = {14},
location = {Los Angeles, CA, USA},
series = {SIGCOMM '17}
}

@misc{http3-rfc9114,
series =    {Request for Comments},
number =    9114,
howpublished =  {RFC 9114},
publisher = {RFC Editor},
doi =       {10.17487/RFC9114},
url =       {https://www.rfc-editor.org/info/rfc9114},
author =    {Mike Bishop},
title =     {{HTTP/3}},
pagetotal = 57,
year =      2022,
month =     jun,
abstract =  {The QUIC transport protocol has several features that are desirable in a transport for HTTP, such as stream multiplexing, per-stream flow control, and low-latency connection establishment. This document describes a mapping of HTTP semantics over QUIC. This document also identifies HTTP/2 features that are subsumed by QUIC and describes how HTTP/2 extensions can be ported to HTTP/3.},
}

@book{tcpipillustrated-book,
title={TCP/IP Illustrated, Volume 1: The Protocols},
author={Fall, K.R. and Stevens, W.R.},
isbn={9780132808187},
series={Addison-Wesley Professional Computing Series},
url={https://books.google.com.sg/books?id=a23OAn5i8R0C},
year={2011},
publisher={Pearson Education}
}

@inproceedings{dnshijack-srds21,
title={A Comprehensive Measurement-based Investigation of DNS Hijacking},
author={Houser, Rebekah and Hao, Shuai and Li, Zhou and Liu, Daiping and Cotton, Chase and Wang, Haining},
booktitle={2021 40th International Symposium on Reliable Distributed Systems (SRDS)},
pages={210--221},
year={2021},
organization={IEEE}
}

@article{openflow,
author = {McKeown, Nick and Anderson, Tom and Balakrishnan, Hari and Parulkar, Guru and Peterson, Larry and Rexford, Jennifer and Shenker, Scott and Turner, Jonathan},
title = {OpenFlow: Enabling Innovation in Campus Networks},
year = {2008},
issue_date = {April 2008},
publisher = {Association for Computing Machinery},
volume = {38},
number = {2},
issn = {0146-4833},
url = {https://doi.org/10.1145/1355734.1355746},
doi = {10.1145/1355734.1355746},
journal = {SIGCOMM Comput. Commun. Rev.},
month = mar,
pages = {69–74},
numpages = {6},
keywords = {ethernet switch, flow-based, virtualization}
}

@article{dppsurvey,
title = {A survey on data plane programming with P4: Fundamentals, advances, and applied research},
journal = {Journal of Network and Computer Applications},
volume = {212},
pages = {103561},
year = {2023},
issn = {1084-8045},
doi = {https://doi.org/10.1016/j.jnca.2022.103561},
url = {https://www.sciencedirect.com/science/article/pii/S1084804522002028},
author = {Frederik Hauser and Marco Häberle and Daniel Merling and Steffen Lindner and Vladimir Gurevich and Florian Zeiger and Reinhard Frank and Michael Menth},
keywords = {P4, SDN, Programmable data planes},
}

@online{dpdk,
author = {The Linux Foundation Projects},
title = {DPDK},
year = {2023},
url = {https://www.dpdk.org},
urldate = {2023-04}
}

@online{p4psa,
author = {P4 Language Consortium},
title = {Portable Switch Architecture},
year = {2023},
url = {https://p4.org/p4-spec/docs/PSA.html},
urldate = {2023-04}
}

@misc{inettrafficarchieve,
author = {Peter Danzig and Jeff Mogul and Vern Paxson and Mike Schwartz},
title = {The Internet Traffic Archive},
url = {https://ita.ee.lbl.gov}
}

@misc{caidatraces,
author = {CAIDA},
title = {The CAIDA UCSD Anonymized Internet Traces},
year = {2019},
url = {https://www.caida.org/catalog/datasets/passive_dataset},
urldate = {2023-02}
}

@online{tcptrace,
author = {Shawn Ostermann},
title = {tcptrace},
year = {2007},
url = {http://www.tcptrace.org},
urldate = {2023-04}
}

@online{tcpanon,
author = {Francesco Gringoli},
title = {tcpanon},
year = {2009},
url = {http://netweb.ing.unibs.it/~ntw/tools/tcpanon},
urldate = {2023-04}
}

@online{ripeatlas,
author = {RIPE NCC},
title = {Ripe Atlas},
year = {2010},
url = {https://atlas.ripe.net},
urldate = {2023-04}
}

@online{tcpdump,
author = {Van Jacobson, Craig Leres and Steven McCanne},
title = {TCPDUMP \& LIBPCAP},
year = {1988},
url = {https://www.tcpdump.org},
urldate = {2023-04}
}

@online{tcpreplay,
author = {Matt Undy},
title = {Tcpreplay - Pcap editing and replaying utilities},
year = {1999},
url = {https://tcpreplay.appneta.com},
urldate = {2023-04}
}

@online{scapy,
author = {Philippe Biondi},
title = {Scapy},
year = {2007},
url = {https://scapy.net},
urldate = {2023-04}
}

@online{pcapplusplus,
author = {seladb},
title = {PcapPlusPlus},
year = {2007},
url = {https://pcapplusplus.github.io},
urldate = {2023-04}
}

@online{wireshark,
author = {Wireshark Foundation},
title = {Wireshark},
year = {1998},
url = {https://www.wireshark.org},
urldate = {2023-04}
}

@online{iputils,
title = {iputils: a set of small useful utilities for Linux networking.},
year = {2022},
url = {https://github.com/iputils/iputils},
urldate = {2023-04}
}

@online{inetutils,
title = {Inetutils: Network utilities},
year = {2022},
url = {https://www.gnu.org/software/inetutils},
urldate = {2023-04}
}

@online{iperf,
title = {iPerf - The ultimate speed test tool for TCP, UDP and SCTP},
year = {2022},
url = {https://iperf.fr},
urldate = {2023-04}
}

@online{alexatop1m,
author = {Alexa},
title = {Top 1M sites},
year = {2023},
url = {http://s3.amazonaws.com/alexa-static/top-1m.csv.zip},
urldate = {2023-04}
}

@online{fscomtap,
title = {FHD Fiber TAP Cassette},
url = {https://www.fs.com/sg/products/68747.html},
urldate = {2023-04}
}

@online{inteltofino,
author = {Intel Corporation},
title = {Intel® Tofino™ Programmable Ethernet Switch ASIC},
url = {https://www.intel.com/content/www/xa/en/products/network-io/programmable-ethernet-switch/tofino-series.html},
urldate = {2023-04}
}

@online{cisconexus,
author = {Cisco Systems, Inc.},
title = {Cisco Nexus 34180YC and 3464C Programmable Switches},
url = {https://www.cisco.com/c/en/us/products/collateral/switches/nexus-3000-series-switches/datasheet-c78-740836.html},
urldate = {2023-04}
}

@online{broadcomtrident,
author = {Broadcom Inc.},
title = {Trident4 / BCM56880 Series},
url = {https://www.broadcom.com/products/ethernet-connectivity/switching/strataxgs/bcm56880-series},
urldate = {2023-04}
}

@misc{tls1.0-rfc2246,
series =    {Request for Comments},
number =    2246,
howpublished =  {RFC 2246},
publisher = {RFC Editor},
doi =       {10.17487/RFC2246},
url =       {https://www.rfc-editor.org/info/rfc2246},
author =    {Christopher Allen and Tim Dierks},
title =     {{The TLS Protocol Version 1.0}},
pagetotal = 80,
year =      1999,
month =     jan,
abstract =  {This document specifies Version 1.0 of the Transport Layer Security (TLS) protocol. The TLS protocol provides communications privacy over the Internet. The protocol allows client/server applications to communicate in a way that is designed to prevent eavesdropping, tampering, or message forgery.},
}

@misc{tls1.3-rfc8446,
series =    {Request for Comments},
number =    8446,
howpublished =  {RFC 8446},
publisher = {RFC Editor},
doi =       {10.17487/RFC8446},
url =       {https://www.rfc-editor.org/info/rfc8446},
author =    {Eric Rescorla},
title =     {{The Transport Layer Security (TLS) Protocol Version 1.3}},
pagetotal = 160,
year =      2018,
month =     aug,
abstract =  {This document specifies version 1.3 of the Transport Layer Security (TLS) protocol. TLS allows client/server applications to communicate over the Internet in a way that is designed to prevent eavesdropping, tampering, and message forgery. This document updates RFCs 5705 and 6066, and obsoletes RFCs 5077, 5246, and 6961. This document also specifies new requirements for TLS 1.2 implementations.},
}

@misc{cisconetflow-rfc3954,
series =    {Request for Comments},
number =    3954,
howpublished =  {RFC 3954},
publisher = {RFC Editor},
doi =       {10.17487/RFC3954},
url =       {https://www.rfc-editor.org/info/rfc3954},
author =    {Benoît Claise},
title =     {{Cisco Systems NetFlow Services Export Version 9}},
pagetotal = 33,
year =      2004,
month =     oct,
abstract =  {This document specifies the data export format for version 9 of Cisco Systems' NetFlow services, for use by implementations on the network elements and/or matching collector programs. The version 9 export format uses templates to provide access to observations of IP packet flows in a flexible and extensible manner. A template defines a collection of fields, with corresponding descriptions of structure and semantics. This memo provides information for the Internet community.},
}